\begin{thebibliography}

@article{McKay2014,
author = {McKay, Brendan D. and Piperno, Adolfo},
doi = {10.1016/j.jsc.2013.09.003},
issn = {07477171},
journal = {J. Symb. Comput.},
keywords = {Canonical labelling,Graph isomorphism,Nauty,Partition refinement,Traces},
number = {0},
pages = {94--112},
title = {{Practical graph isomorphism, II}},
url = {http://www.sciencedirect.com/science/article/pii/S0747717113001193},
volume = {60},
year = {2014}
}

@misc{Brunken2019,
author = {Brunken, Christoph and Bosia, Francesco and Grimmel, Stephanie and Simm, Gregor and Sobez, Jan-Grimo and Unsleber, Jan and Vaucher, Alain C. and Weymuth, Thomas and Reiher, Markus},
title = {{SCINE Utilities}},
url = {https://github.com/qcscine/utilities},
year = {2019}
}

@misc{Lohmann2013,
author = {Lohmann, Niels},
title = {{JSON for Modern C++}},
url = {https://github.com/nlohmann/json},
year = {2013}
}

@article{Kolodzik2012,
author = {Kolodzik, Adrian and Urbaczek, Sascha and Rarey, Matthias},
doi = {10.1021/ci200629w},
issn = {15499596},
journal = {J. Chem. Inf. Model.},
number = {8},
pages = {2013--2021},
title = {{Unique ring families: A chemically meaningful description of molecular ring topologies}},
volume = {52},
year = {2012}
}

@article{Flachsenberg2017,
author = {Flachsenberg, Florian and Andresen, Niek and Rarey, Matthias},
doi = {10.1021/acs.jcim.6b00736},
issn = {15205142},
journal = {J. Chem. Inf. Model.},
number = {2},
pages = {122--126},
title = {{RingDecomposerLib: An Open-Source Implementation of Unique Ring Families and Other Cycle Bases}},
volume = {57},
year = {2017}
}

\end{thebibliography}
